<?xml version="1.0" encoding="UTF-8"?><collection><record><leader>04751ntm a2200517 a 4500</leader><controlfield tag="001">006816077</controlfield><controlfield tag="003">MiAaHDL</controlfield><controlfield tag="005">20190719000000.0</controlfield><controlfield tag="006">m        d        </controlfield><controlfield tag="007">cr bn ---auaua</controlfield><controlfield tag="008">090611q14991500ir            00| ||per d</controlfield><datafield tag="035" ind1=" " ind2=" "><subfield code="a">(MiU)006816077</subfield></datafield><datafield tag="035" ind1=" " ind2=" "><subfield code="a">sdr-miu006816077</subfield></datafield><datafield tag="040" ind1=" " ind2=" "><subfield code="a">MiU</subfield><subfield code="c">MiU</subfield><subfield code="e">amremm</subfield></datafield><datafield tag="043" ind1=" " ind2=" "><subfield code="a">n-us-mi</subfield></datafield><datafield tag="100" ind1="0" ind2=" "><subfield code="6">880-01</subfield><subfield code="a">Kamāl Khujandī,</subfield><subfield code="d">-approximately 1400.</subfield></datafield><datafield tag="245" ind1="1" ind2="0"><subfield code="6">880-03</subfield><subfield code="a">[Dīvān-i Kamāl,</subfield><subfield code="f">905, i.e. 1499 or 1500].</subfield></datafield><datafield tag="246" ind1="3" ind2=" "><subfield code="a">ديوان كمال</subfield></datafield><datafield tag="260" ind1=" " ind2=" "><subfield code="a">[Qazvīn,</subfield><subfield code="c">1499 or 1500].</subfield></datafield><datafield tag="300" ind1=" " ind2=" "><subfield code="a">154 leaves :</subfield><subfield code="b">paper ;</subfield><subfield code="c">220 x 135 (148 x 66) mm.</subfield></datafield><datafield tag="500" ind1=" " ind2=" "><subfield code="a">Shelfmark: Ann Arbor, University of Michigan, Special Collections Library, Isl. Ms. 343</subfield></datafield><datafield tag="500" ind1=" " ind2=" "><subfield code="a">Origin: As appears in colophon on p.307, copied in Qazvīn in 905 [1499 or 1500].</subfield></datafield><datafield tag="500" ind1=" " ind2=" "><subfield code="a">Former shelfmark: "486 T. De M. [i.e. Tammaro De Marinis]" inscribed in pencil on verso of front flyleaf ; "١٣٥" on recto of front flyleaf.</subfield></datafield><datafield tag="500" ind1=" " ind2=" "><subfield code="a">Binding: Pasteboards now fully covered in spring-green silk faced / backed with paper (covered boards faced and lined, i.e. silk fully wraps apparently already leather-faced boards as with an overcover / slipcover, compare Isl. Ms. 341) ; Type II binding (with flap) ; flyleaves in yellow surface-dyed and gold-flecked European laid paper (scrollwork with tower at center and "CENEDA" below in back flyleaf [?]) ; upper and lower covers bear traces of stamped mandorlas beneath the textile ; sewn in red thread, two stations ; worked chevron endbands in red and yellow, fairly good condition ; overall in fairly good condition with some staining, abrasion, lifting and losses of cloth and paper, etc.</subfield></datafield><datafield tag="500" ind1=" " ind2=" "><subfield code="a">Support: non-European laid paper with 9 laid lines per cm. (vertical, indistinct) and no chain lines clearly visible, quite thin and transluscent though sturdy, well-burnished, dark cream in color ; endleaves in European laid paper ; some staining and tide lines.</subfield></datafield><datafield tag="500" ind1=" " ind2=" "><subfield code="a">Decoration: Exquisite illuminated headpiece (ʻunwān / sarlawḥ) at opening on p.2 consisting of rectangular piece with gold cartouche and flanking pieces overlaid and surrounded with swirling arabesques and floral motifs in shades of gold, red, orange, and pink on fields of lapis lazuli, surrounded by border of turquoise interlace and surmounted by another rectangular piece carrying a row of intertwining arabesque and chī clouds with floral motifs (all in green, lavender, orange, and pink) on a gold ground, itself surmounted by vertical stalks (tīgh) in blue ; written area surrounded by gold frame with defining black fillets and outermost blue rule, columns within also defined by gold rules ; written area gold-flecked ; interlinear glosses rubricated.</subfield></datafield><datafield tag="500" ind1=" " ind2=" "><subfield code="a">Script: Nastaʻlīq ; elegant hand ; serifless, with effect of words descending to baseline, closed counters, and elongated horizontal strokes.</subfield></datafield><datafield tag="500" ind1=" " ind2=" "><subfield code="a">Layout: Written in roughly 15 lines per page, with written area mainly divided to two columns ; frame-ruled.</subfield></datafield><datafield tag="500" ind1=" " ind2=" "><subfield code="a">Collation: ii, IV-1 (7), 18 IV(151), I+1 (154), ii ; almost exclusively quaternions ; catchwords present ; pagination in pencil, Western numerals, supplied during digitization.</subfield></datafield><datafield tag="500" ind1=" " ind2=" "><subfield code="a">Colophon: "Scribal," mainly in Arabic, reads "تم الكتاب بدار الموحدين قزوين سنه خمس وتسعمايه م"</subfield></datafield><datafield tag="500" ind1=" " ind2=" "><subfield code="a">Incipit: "اقتتاح سخن آن به که کندن اهل کمال بثنای ملک الملک خدای متعال ..."</subfield></datafield><datafield tag="500" ind1=" " ind2=" "><subfield code="a">Title supplied by cataloguer.</subfield></datafield><datafield tag="500" ind1=" " ind2=" "><subfield code="a">Ms. codex.</subfield></datafield><datafield tag="510" ind1="4" ind2=" "><subfield code="a">Cat. Pers. MSS. Brit. Mus.,</subfield><subfield code="c">p.632 f. ; 734</subfield></datafield><datafield tag="520" ind1="8" ind2=" "><subfield code="a">Elegant copy of a selection of the collected poems of Kamāl Khujandī (d.1400 or 1).</subfield></datafield><datafield tag="538" ind1=" " ind2=" "><subfield code="a">Mode of access: Internet.</subfield></datafield><datafield tag="541" ind1=" " ind2=" "><subfield code="c">Purchase ;</subfield><subfield code="a">Acquired by purchase (funds donated by Horace Rackham).</subfield><subfield code="d">1924.</subfield></datafield><datafield tag="546" ind1=" " ind2=" "><subfield code="a">Persian.</subfield></datafield><datafield tag="561" ind1=" " ind2=" "><subfield code="a">Inscription in pencil "486 T. De M. [i.e. Tammaro De Marinis]" on verso of front flyleaf (added with its conjugate leaf affixed to the 'title page') ; traces of a large circular seal impression on the 'title page' (now obscured, having been affixed to the preceding leaf) visible at opening (p.2) ; some interlinear glosses in red ink.</subfield></datafield><datafield tag="650" ind1=" " ind2="0"><subfield code="a">Manuscripts, Persian</subfield><subfield code="z">Michigan</subfield><subfield code="z">Ann Arbor.</subfield></datafield><datafield tag="650" ind1=" " ind2="0"><subfield code="a">Persian poetry</subfield><subfield code="y">747-1500.</subfield></datafield><datafield tag="655" ind1=" " ind2="7"><subfield code="a">Headpieces (layout features)</subfield><subfield code="y">15th century.</subfield><subfield code="2">aat</subfield></datafield><datafield tag="700" ind1="0" ind2=" "><subfield code="a">Abdülhamid</subfield><subfield code="b">II,</subfield><subfield code="c">Sultan of the Turks,</subfield><subfield code="d">1842-1918,</subfield><subfield code="e">former owner.</subfield></datafield><datafield tag="773" ind1="0" ind2=" "><subfield code="a">Abdul Hamid Collection.</subfield></datafield><datafield tag="880" ind1="1" ind2="0"><subfield code="6">245-03/</subfield><subfield code="a">[دیوان کمال</subfield><subfield code="f">905ه، 1499 یا 1500م].</subfield></datafield><datafield tag="880" ind1="0" ind2=" "><subfield code="6">100-01/</subfield><subfield code="a">كمال خجندى.</subfield></datafield><datafield tag="CID" ind1=" " ind2=" "><subfield code="a">006816077</subfield></datafield><datafield tag="DAT" ind1="0" ind2=" "><subfield code="a">20190719102639.0</subfield><subfield code="b">20190719000000.0</subfield></datafield><datafield tag="DAT" ind1="1" ind2=" "><subfield code="a">20190719090653.0</subfield><subfield code="b">2019-07-19T16:11:51Z</subfield></datafield><datafield tag="DAT" ind1="2" ind2=" "><subfield code="a">2015-10-02T18:00:03Z</subfield></datafield><datafield tag="CAT" ind1=" " ind2=" "><subfield code="a">SDR-MIU</subfield><subfield code="d">EX LIBRIS - ALEPH</subfield><subfield code="l">prepare.pl-004-008</subfield></datafield><datafield tag="FMT" ind1=" " ind2=" "><subfield code="a">BK</subfield></datafield><datafield tag="HOL" ind1=" " ind2=" "><subfield code="0">sdr-miu006816077</subfield><subfield code="a">MiU</subfield><subfield code="b">SDR</subfield><subfield code="c">MIU</subfield><subfield code="p">mdp.39015079129634</subfield><subfield code="s">MIU</subfield><subfield code="1">006816077</subfield></datafield><datafield tag="974" ind1=" " ind2=" "><subfield code="b">MIU</subfield><subfield code="c">MIU</subfield><subfield code="d">20190719</subfield><subfield code="s">lit-dlps-dc</subfield><subfield code="u">mdp.39015079129634</subfield><subfield code="y">1500</subfield><subfield code="r">pd</subfield><subfield code="q">bib</subfield><subfield code="t">non-US bib date2 &lt; 1896</subfield></datafield></record></collection>